<?xml version="1.0" encoding="UTF-8"?><record xmlns="http://www.loc.gov/MARC21/slim" xmlns:cinclude="http://apache.org/cocoon/include/1.0" xmlns:zs="http://www.loc.gov/zing/srw/">
  <leader>00741cz  a2200169n  4500</leader>
  <controlfield tag="001">no 97061496 </controlfield>
  <controlfield tag="003">DLC</controlfield>
  <controlfield tag="005">20140226143353.0</controlfield>
  <controlfield tag="008">971021n| azannaabn          |a ana     c</controlfield>
  <datafield tag="010" ind1=" " ind2=" ">
    <subfield code="a">no 97061496 </subfield>
    <subfield code="z">no 98095242 </subfield>
    <subfield code="z">no 96029752 </subfield>
  </datafield>
  <datafield tag="035" ind1=" " ind2=" ">
    <subfield code="a">(OCoLC)oca04476351</subfield>
  </datafield>
  <datafield tag="040" ind1=" " ind2=" ">
    <subfield code="a">GU-AV</subfield>
    <subfield code="b">eng</subfield>
    <subfield code="e">rda</subfield>
    <subfield code="c">GU-AV</subfield>
    <subfield code="d">DLC</subfield>
    <subfield code="d">CSt</subfield>
  </datafield>
  <datafield tag="110" ind1="2" ind2=" ">
    <subfield code="a">Sony Pictures Classics (Firm)</subfield>
  </datafield>
  <datafield tag="410" ind1="2" ind2=" ">
    <subfield code="a">Sony Pictures Entertainment, Inc.</subfield>
    <subfield code="b">Sony Pictures Classics</subfield>
  </datafield>
  <datafield tag="670" ind1=" " ind2=" ">
    <subfield code="a">The story of Qiu Ju, 1994, c1992:</subfield>
    <subfield code="b">title frame (Sony Pictures Classics)</subfield>
  </datafield>
  <datafield tag="670" ind1=" " ind2=" ">
    <subfield code="a">Burnt by the sun, c1995:</subfield>
    <subfield code="b">container (Sony Pictures classics)</subfield>
  </datafield>
  <datafield tag="670" ind1=" " ind2=" ">
    <subfield code="a">Intl motion picture almanac, 1997:</subfield>
    <subfield code="b">p. 471-472 (Sony Pictures Entertainment, Inc., Sony Pictures Classics, 550 Madison Ave., 8th floor, NY, NY 10022)</subfield>
  </datafield>
</record>